<?xml version="1.0" encoding="UTF-8"?><record xmlns="http://www.loc.gov/MARC21/slim" xmlns:cinclude="http://apache.org/cocoon/include/1.0" xmlns:zs="http://www.loc.gov/zing/srw/">
  <leader>00869cz  a2200205n  4500</leader>
  <controlfield tag="001">n 2009207463</controlfield>
  <controlfield tag="003">DLC</controlfield>
  <controlfield tag="005">20130326105602.0</controlfield>
  <controlfield tag="008">090609n| azannaabn          |b aaa      </controlfield>
  <datafield tag="010" ind1=" " ind2=" ">
    <subfield code="a">n 2009207463</subfield>
  </datafield>
  <datafield tag="040" ind1=" " ind2=" ">
    <subfield code="a">DLC</subfield>
    <subfield code="b">eng</subfield>
    <subfield code="e">rda</subfield>
    <subfield code="c">DLC</subfield>
    <subfield code="d">DLC</subfield>
  </datafield>
  <datafield tag="046" ind1=" " ind2=" ">
    <subfield code="f">[1971,1972]</subfield>
    <subfield code="2">edtf</subfield>
  </datafield>
  <datafield tag="100" ind1="1" ind2=" ">
    <subfield code="a">Mūsavī, Aḥmad,</subfield>
    <subfield code="d">1971 or 1972-</subfield>
  </datafield>
  <datafield tag="400" ind1="1" ind2=" ">
    <subfield code="a">Mosavi, Ahmad,</subfield>
    <subfield code="d">1971 or 1972-</subfield>
  </datafield>
  <datafield tag="400" ind1="1" ind2=" ">
    <subfield code="w">nnea</subfield>
    <subfield code="a">Mūsavī, Aḥmad,</subfield>
    <subfield code="d">1971 or 2-</subfield>
  </datafield>
  <datafield tag="400" ind1="1" ind2=" ">
    <subfield code="a">Mūsavī, Sayyid Aḥmad,</subfield>
    <subfield code="d">1971 or 1972-</subfield>
  </datafield>
  <datafield tag="400" ind1="1" ind2=" ">
    <subfield code="a">موسوى، احمد</subfield>
  </datafield>
  <datafield tag="400" ind1="1" ind2=" ">
    <subfield code="a">موسوى، سيد احمد</subfield>
  </datafield>
  <datafield tag="667" ind1=" " ind2=" ">
    <subfield code="a">Non-Latin script reference not evaluated.</subfield>
  </datafield>
  <datafield tag="670" ind1=" " ind2=" ">
    <subfield code="a">Darsnāmah-i jāmiʻ-i parastārī-i Īrān, 2008:</subfield>
    <subfield code="b">t.p. (دکتر سيد احمد موسوى = Duktur Sayyid Aḥmad Mūsavī) t.p. verso (Iranian CIP data: Mūsavī, Aḥmad; b. 1350 [1971 or 1972]) prelim. (Dr. Ahmad Mosavi [in rom.])</subfield>
  </datafield>
</record>